@misc{Ghaffari,
  author = {M. Ghaffari},
  title = {Distributed Graph Algorithms},
  howpublished = {\url{https://disco.ethz.ch/courses/fs19/podc/lecturenotes/LOCAL.pdf}},

}
